<record xmlns="http://www.loc.gov/MARC21/slim">
   <leader>01158cam a2200313 a 4500</leader>
   <controlfield tag="001">6813618</controlfield>
   <controlfield tag="003">OCoLC</controlfield>
   <controlfield tag="005">20150220171806.0</controlfield>
   <controlfield tag="008">141022s2015    enk      b    001 0 eng d</controlfield>
   <datafield ind1=" " ind2=" " tag="020">
      <subfield code="a">9781137441430</subfield>
   </datafield>
   <datafield ind1=" " ind2=" " tag="020">
      <subfield code="a">1137441437</subfield>
   </datafield>
   <datafield ind1=" " ind2=" " tag="035">
      <subfield code="a">ocn893894293</subfield>
   </datafield>
   <datafield ind1=" " ind2=" " tag="040">
      <subfield code="a">BTCTA</subfield>
      <subfield code="b">eng</subfield>
      <subfield code="c">BTCTA</subfield>
      <subfield code="d">YDXCP</subfield>
      <subfield code="d">BDX</subfield>
      <subfield code="d">CDX</subfield>
      <subfield code="d">AEU</subfield>
   </datafield>
   <datafield ind1=" " ind2=" " tag="043">
      <subfield code="a">a-cc---</subfield>
   </datafield>
   <datafield ind1=" " ind2="4" tag="050">
      <subfield code="a">HV6046</subfield>
      <subfield code="b">.S465 2015</subfield>
   </datafield>
   <datafield ind1="0" ind2="4" tag="082">
      <subfield code="a">364.3/740951</subfield>
      <subfield code="2">23</subfield>
   </datafield>
   <datafield ind1=" " ind2=" " tag="090">
      <subfield code="a">HV6046 .S465 2015</subfield>
      <subfield code="b">AEGMCT</subfield>
   </datafield>
   <datafield ind1="1" ind2=" " tag="100">
      <subfield code="a">Shen, Anqi.</subfield>
   </datafield>
   <datafield ind1="1" ind2="0" tag="245">
      <subfield code="a">Offending women in contemporary China :</subfield>
      <subfield code="b">gender and pathways into crime /</subfield>
      <subfield code="c">Anqi Shen.</subfield>
   </datafield>
   <datafield ind1=" " ind2=" " tag="260">
      <subfield code="a">Basingstoke, Hampshire, UK ;</subfield>
      <subfield code="a">New York :</subfield>
      <subfield code="b">Palgrave Macmillan,</subfield>
      <subfield code="c">2015.</subfield>
   </datafield>
   <datafield ind1=" " ind2=" " tag="300">
      <subfield code="a">viii, 133 p. ;</subfield>
      <subfield code="c">23 cm.</subfield>
   </datafield>
   <datafield ind1="1" ind2=" " tag="490">
      <subfield code="a">Palgrave Pivot</subfield>
   </datafield>
   <datafield ind1="0" ind2=" " tag="490">
      <subfield code="a">Palgrave advances in criminology and criminal justice in Asia</subfield>
   </datafield>
   <datafield ind1=" " ind2=" " tag="504">
      <subfield code="a">Includes bibliographical references (p. 104-127) and index.</subfield>
   </datafield>
   <datafield ind1=" " ind2=" " tag="596">
      <subfield code="a">29</subfield>
   </datafield>
   <datafield ind1=" " ind2="0" tag="650">
      <subfield code="a">Female offenders</subfield>
      <subfield code="z">China.</subfield>
   </datafield>
   <datafield ind1=" " ind2="0" tag="830">
      <subfield code="a">Palgrave pivot.</subfield>
   </datafield>
   <datafield ind1=" " ind2=" " tag="949">
      <subfield code="a">HV6046 .S465 2015</subfield>
      <subfield code="h">GMCT-OS-B</subfield>
      <subfield code="i">1007401589</subfield>
      <subfield code="p">82.34</subfield>
      <subfield code="k">AVAIL_SOON</subfield>
   </datafield>
   <datafield ind1=" " ind2=" " tag="926">
      <subfield code="a">HV6046 .S465 2015</subfield>
      <subfield code="w">LC</subfield>
      <subfield code="c">1</subfield>
      <subfield code="i">1007401589</subfield>
      <subfield code="d">4/21/2015</subfield>
      <subfield code="e">4/8/2015</subfield>
      <subfield code="l">ON_SHELF</subfield>
      <subfield code="m">GR_MACEWAN</subfield>
      <subfield code="n">1</subfield>
      <subfield code="p">$78.42</subfield>
      <subfield code="r">Y</subfield>
      <subfield code="s">Y</subfield>
      <subfield code="t">BOOK</subfield>
      <subfield code="u">3/3/2015</subfield>
   </datafield>
</record>
